<?xml version="1.0" encoding="UTF-8"?><record xmlns="http://www.loc.gov/MARC21/slim" xmlns:cinclude="http://apache.org/cocoon/include/1.0" xmlns:zs="http://www.loc.gov/zing/srw/">
  <leader>00506cz  a2200169n  4500</leader>
  <controlfield tag="001">n  84022730 </controlfield>
  <controlfield tag="003">DLC</controlfield>
  <controlfield tag="005">20081203075855.0</controlfield>
  <controlfield tag="008">840426n| acannaabn          |a aaa      </controlfield>
  <datafield tag="010" ind1=" " ind2=" ">
    <subfield code="a">n  84022730 </subfield>
  </datafield>
  <datafield tag="035" ind1=" " ind2=" ">
    <subfield code="a">(OCoLC)oca01134682</subfield>
  </datafield>
  <datafield tag="040" ind1=" " ind2=" ">
    <subfield code="a">DLC</subfield>
    <subfield code="b">eng</subfield>
    <subfield code="c">DLC</subfield>
    <subfield code="d">DLC</subfield>
    <subfield code="d">OCoLC</subfield>
  </datafield>
  <datafield tag="100" ind1="0" ind2=" ">
    <subfield code="a">Sher Muḥammad</subfield>
  </datafield>
  <datafield tag="400" ind1="1" ind2=" ">
    <subfield code="a">Muḥammad, Sher</subfield>
  </datafield>
  <datafield tag="400" ind1="1" ind2=" ">
    <subfield code="a">Sheran, Sher Muḥammad</subfield>
  </datafield>
  <datafield tag="400" ind1="0" ind2=" ">
    <subfield code="a">Sher Muḥammad Sheran</subfield>
  </datafield>
  <datafield tag="670" ind1=" " ind2=" ">
    <subfield code="a">His Iṣlāhī naẓmen̲, 1981?:</subfield>
    <subfield code="b">t.p. (Sher Muḥammad) cover (Sher Muḥammad Sheran)</subfield>
  </datafield>
</record>